<record><leader>00000cas a22000007a 4500</leader><controlfield tag="001">38275105</controlfield><controlfield tag="008">980127d19581993cauwr ne      0    0eng d</controlfield><datafield ind1=" " ind2=" " tag="010"><subfield code="a">sn 97069304 </subfield></datafield><datafield ind1=" " ind2=" " tag="040"><subfield code="a">CNK</subfield><subfield code="b">eng</subfield><subfield code="c">CNK</subfield><subfield code="d">OCLCQ</subfield><subfield code="d">OCLCF</subfield><subfield code="d">OCLCO</subfield></datafield><datafield ind1="1" ind2=" " tag="029"><subfield code="a">AU@</subfield><subfield code="b">000013708282</subfield></datafield><datafield ind1=" " ind2=" " tag="042"><subfield code="a">msc</subfield></datafield><datafield ind1=" " ind2=" " tag="043"><subfield code="a">n-us-ca</subfield></datafield><datafield ind1="0" ind2=" " tag="130"><subfield code="a">Azusa herald (Azusa, Calif. : 1958)</subfield></datafield><datafield ind1="1" ind2="0" tag="245"><subfield code="a">Azusa herald.</subfield></datafield><datafield ind1="1" ind2=" " tag="246"><subfield code="i">Published as:</subfield><subfield code="a">Herald Azusa</subfield><subfield code="f">June 26, 1985-Feb. 19, 1986; Mar. 5, 1986</subfield></datafield><datafield ind1="1" ind2="3" tag="246"><subfield code="a">Azusa herald and pomotropic</subfield><subfield code="f">Nov. 24, 1958-Dec. 8, 1960</subfield></datafield><datafield ind1="1" ind2="3" tag="246"><subfield code="a">Azusa highlander</subfield><subfield code="f">July 10, 1985-May 7, 1986</subfield></datafield><datafield ind1=" " ind2=" " tag="260"><subfield code="a">Azusa, Los Angeles County, Calif. :</subfield><subfield code="b">[s.n.]</subfield></datafield><datafield ind1=" " ind2=" " tag="300"><subfield code="a">v.</subfield></datafield><datafield ind1=" " ind2=" " tag="310"><subfield code="a">Weekly,</subfield><subfield code="b">June 24, 1970-Mar. 3, 1993</subfield></datafield><datafield ind1=" " ind2=" " tag="321"><subfield code="a">Semiweekly,</subfield><subfield code="b">Nov. 24, 1958-June 21, 1970</subfield></datafield><datafield ind1="0" ind2=" " tag="362"><subfield code="a">Vol. 72, no. 14 (Nov. 24, 1958)-v. 106, no. 18 (Mar. 3, 1993).</subfield></datafield><datafield ind1=" " ind2=" " tag="500"><subfield code="a">Occasionally published with "The Herald" appearing in small print above "Azusa" or with "Azusa" appearing in small print above "The Herald," 1989-1993.</subfield></datafield><datafield ind1=" " ind2=" " tag="500"><subfield code="a">Publication moved to City of Industry, Calif., Oct. 12, 1988.</subfield></datafield><datafield ind1=" " ind2="0" tag="651"><subfield code="a">Azusa (Calif.)</subfield><subfield code="v">Newspapers.</subfield></datafield><datafield ind1=" " ind2="7" tag="655"><subfield code="a">Newspapers.</subfield><subfield code="2">fast</subfield><subfield code="0">(OCoLC)fst01423814</subfield></datafield><datafield ind1=" " ind2="7" tag="651"><subfield code="a">California</subfield><subfield code="z">Azusa.</subfield><subfield code="2">fast</subfield><subfield code="0">(OCoLC)fst01217478</subfield></datafield><datafield ind1=" " ind2=" " tag="752"><subfield code="a">United States</subfield><subfield code="b">California</subfield><subfield code="c">Los Angeles</subfield><subfield code="d">City of Industry.</subfield></datafield><datafield ind1=" " ind2=" " tag="752"><subfield code="a">United States</subfield><subfield code="b">California</subfield><subfield code="c">Los Angeles</subfield><subfield code="d">Azusa.</subfield></datafield><datafield ind1="0" ind2="0" tag="780"><subfield code="t">Azusa herald and pomotropic</subfield><subfield code="w">(DLC)sn 94051488</subfield></datafield><datafield ind1="0" ind2="0" tag="785"><subfield code="t">Azusa herald highlander</subfield><subfield code="w">(DLC)sn 97069305</subfield></datafield></record>